@misc{apmas2017impact,
  author    = {{APMAS}},
  title     = {Impact and Sustainability of Self Help Group Bank Linkage Programme in India},
  year      = {2017},
  note      = {Study report, Andhra Pradesh Mahila Abhivruddhi Society, Hyderabad}
}

@article{demirguckunt2009finance,
  author    = {Demirguc-Kunt, A. and Levine, R.},
  title     = {Finance and Inequality: Theory and Evidence},
  journal   = {Annual Review of Financial Economics},
  volume    = {1},
  number    = {1},
  pages     = {287--318},
  year      = {2009}
}

@techreport{demirguckunt2008finance,
  author    = {Demirguc-Kunt, A. and Levine, R. and Detragiache, E.},
  title     = {Finance and Economic Development: The Role of Government},
  institution = {The World Bank},
  number    = {Policy Working Paper No. 3955},
  year      = {2008},
  address   = {Washington, DC}
}

@article{dhar2016microfinance,
  author    = {Dhar, P.},
  title     = {Microfinance Penetration in India: A State-wise Analysis},
  journal   = {International Journal of Interdisciplinary Research in Science Society and Culture},
  volume    = {2},
  number    = {2},
  pages     = {86--96},
  year      = {2016}
}

@article{feroze2010performance,
  author    = {Feroze, S. M. and Chauhan, A. K.},
  title     = {Performance of Dairy Self-help Groups in India: Principal Component Analysis Approach},
  journal   = {Indian Journal of Agricultural Economics},
  volume    = {65},
  number    = {2},
  pages     = {308--320},
  year      = {2010}
}

@article{feroze2011factors,
  author    = {Feroze, S. M. and Chauhan, A. K. and Malhotra, R. and Kadian, K. S.},
  title     = {Factors Influencing Group Repayment Performance in Haryana: Application of Tobit model},
  journal   = {Agricultural Economics Research Review},
  volume    = {24},
  number    = {1},
  pages     = {57--66},
  year      = {2011}
}

@misc{geethakutty2014impact,
  author    = {Geethakutty, P. S. and Jiju, A. P. and Suma Nair and Sureshkumar, P. K.},
  title     = {Impact of RKVY Programmes on Farm Women Empowerment and Gender Mainstreaming in Agriculture Planning and Development},
  year      = {2014},
  note      = {KAU-RKVY Project Report, Centre for Gender Studies in Agriculture and Farm Entrepreneurship Development, Kerala Agricultural University, Vellanikkara}
}

@article{ghatak1999economics,
  author    = {Ghatak, M. and Guinnane, T. W.},
  title     = {The Economics of Lending with Joint Liability: Theory and Practice},
  journal   = {Journal of Development Economics},
  volume    = {60},
  number    = {1},
  pages     = {195--228},
  year      = {1999}
}

@article{itishree2018feminization,
  author    = {Itishree, P. and Kuntala, L. and Stewart, L. and Bill, P.},
  title     = {The Feminization of Agriculture or the Feminization of Agrarian Distress? Tracking the Trajectory of Women in Agriculture in India},
  journal   = {Journal of the Asia Pacific Economy},
  volume    = {23},
  number    = {1},
  pages     = {138--155},
  year      = {2018}
}

@techreport{khandker2017seasonality,
  author    = {Khandker, S. R. and Samad, H. A. and Badruddoza, S.},
  title     = {Seasonality of Rural Finance},
  institution = {World Bank},
  number    = {Policy Research Working Paper No. 7986},
  year      = {2017},
  address   = {Washington, DC}
}  

@article{kumar2013access,
  author  = {Kumar, S. S.},
  title   = {Access, Use and Repayment of Micro-credit in Keralaâ€”An Analysis},
  journal = {Journal of Rural Development},
  volume  = {32},
  number  = {3},
  pages   = {263--280},
  year    = {2013}
}

@book{maddala1983limited,
  author    = {Maddala, G. S.},
  title     = {Limited Dependent and Qualitative Variables in Econometrics},
  publisher = {Cambridge University Press},
  address   = {Cambridge, U.K.},
  year      = {1983}
}

@misc{nabard2019status,
  author    = {{NABARD}},
  title     = {Status of Microfinance in India 2018--19},
  year      = {2019},
  note      = {Micro Credit Innovations Department, National Bank for Agriculture and Rural Development, Mumbai}
}

@misc{rangarajan2008report,
  author    = {Rangarajan, C.},
  title     = {Report of the Committee on Financial Inclusion},
  year      = {2008},
  note      = {Ministry of Finance, Government of India, New Delhi}
}

@misc{satyasai2014whither,
  author    = {Satyasai, K. J. S. and Sahoo, B. B. and Smita, B. N.},
  title     = {Whither Graduation of SHG Members? An Exploration in Karnataka and Odisha},
  year      = {2014},
  note      = {NABARD Research Studies-1, Department of Economic Analysis and Research, NABARD, Mumbai}
}

@article{sharma1997repayment,
  author  = {Sharma, M. and Zeller, M.},
  title   = {Repayment Performance in Group-based Credit Programs in Bangladesh: An Empirical Analysis},
  journal = {World Development},
  volume  = {25},
  number  = {10},
  pages   = {1731--1742},
  year    = {1997}
}

@article{sooryamoorthy2007microcredit,
  author  = {Sooryamoorthy, R.},
  title   = {Microcredit for Micro-enterprises or for Immediate Consumption Needs?},
  journal = {Sociological Bulletin},
  volume  = {56},
  number  = {3},
  pages   = {145--157},
  year    = {2007}
}

@article{vasantha2014challenges,
  author  = {Vasantha, S.},
  title   = {Challenges of Self Help Group Members Towards Income Generation Activity},
  journal = {International Journal of Accounting and Financial Management Research},
  volume  = {4},
  number  = {2},
  pages   = {1--8},
  year    = {2014}
}

@misc{verhelle2003determinants,
  author    = {Verhelle, C. and Berlage, L.},
  title     = {Determinants of Microfinance Group Performance: An Empirical Analysis of Self-help Groups in India},
  year      = {2003},
  note      = {MSE Paper, Department of Economics, Katholieke Universiteit Leuven, Belgium}
}

@book{worldbank2007report,
  author    = {{World Bank}},
  title     = {World Development Report 2008: Agriculture for Development},
  publisher = {World Bank Group},
  address   = {Washington, DC},
  year      = {2007}
}

@article{wydick1999social,
  author  = {Wydick, B.},
  title   = {Can Social Cohesion be Harnessed to Repair Market Failures? Evidence from Group Lending in Guatemala},
  journal = {The Economic Journal},
  volume  = {109},
  number  = {457},
  pages   = {463--475},
  year    = {1999}
}  

@article{nedumaran2001impact,
  author  = {Nedumaran, S. and Palanisami, K. and Swaminathan, L. P.},
  title   = {Performance and Impact of Self Help Groups in Tamil Nadu},
  journal = {Indian Journal of Agricultural Economics},
  volume  = {56},
  number  = {3},
  pages   = {472},
  year    = {2001}
}


