@article{chen2011,
  author = {Chen, H.X. and Du, Z.L. and Guo, W. and Zhang, Q.Z.},
  title = {Effects of biochar amendment on cropland soil bulk density, cation exchange capacity, and particulate organic matter content in the North China plain},
  journal = {Journal of Applied Ecology},
  year = {2011},
  volume = {22},
  pages = {2930--2934}
}

@article{chesnin1950,
  author = {Chesnin, L. and Yien, C.H.},
  title = {Turbidimetric determination of available sulphates},
  journal = {Soil Science Society of America Proceedings},
  year = {1950},
  volume = {15},
  pages = {149--151}
}

@article{chintala2014,
  author = {Chintala, R. and Mollinedo, J. and Schumacher, T.E. and Malo, D.D. and Julson, J.L.},
  title = {Effect of biochar on chemical properties of acidic soil},
  journal = {Archives of Agronomy and Soil Science},
  year = {2014},
  volume = {60},
  number = {3},
  pages = {393--404}
}

@phdthesis{dainy2015,
  author = {Dainy, M.M.S.},
  title = {Investigation on the efficacy of biochar from tender coconut husk for enhance crop production},
  school = {Kerala Agricultural University, Thrissur},
  year = {2015},
  note = {Ph.D. (Ag) thesis, 208p}
}

@article{donald1976,
  author = {Donald, C.M. and Hamblin, J.},
  title = {Biological yield and harvest index of cereals as agronomic and plant breeding criteria},
  journal = {Advances in Agronomy},
  year = {1976},
  volume = {28},
  pages = {36--40}
}

@misc{gopinath2020,
  author = {Gopinath, P.P. and Parsad, R. and Joseph, B. and Adarsh, V.S.},
  title = {GRAPES: General R-shiny based Analysis Platform Empowered by Statistics},
  year = {2020},
  howpublished = {Available at: \url{https://www.kaugrapes.com/home.version1.0.0}},
  note = {DOI: 10.5281/zenodo.4923220, Accessed 08 August 2023}
}

@article{hashmi2019,
  author = {Hashmi, S. and Younis, U. and Danish, S. and Munir, T.M.},
  title = {Pongamia pinnata L. leaves biochar increased growth and pigment syntheses in Pisum sativum L. exposed to nutritional stress},
  journal = {Agriculture},
  year = {2019},
  volume = {9},
  number = {7},
  pages = {1--13}
}  

@phdthesis{jabin2022,
  author = {Jabin, N.P.P.},
  title = {Biochar for carbon sequestration, soil health and crop productivity},
  school = {Kerala Agricultural University, Thrissur},
  year = {2022},
  note = {Ph.D. (Ag.) thesis, 289p}
}

@book{jackson1958,
  author = {Jackson, M. L.},
  title = {Soil Chemical Analysis},
  publisher = {Prentice Hall of India Pvt. Ltd.},
  address = {New Delhi, India},
  year = {1958},
  pages = {498}
}  

@book{jackson1973,
  author = {Jackson, M. L.},
  title = {Soil Chemical Analysis (2nd Ed.)},
  publisher = {Prentice Hall of India Pvt. Ltd.},
  address = {New Delhi, India},
  year = {1973},
  pages = {498}
}

@article{jones2010,
  author = {Jones, B.E.H. and Haynes, R.J. and Phillips, I.R.},
  title = {Effect of amendment of bauxite processing sand with organic materials on its chemical, physical and microbial properties},
  journal = {Journal of Environmental Management},
  year = {2010},
  volume = {91},
  number = {11},
  pages = {2281--2288}
}

@book{kau2016,
  author = {{KAU POP}},
  title = {Package of Practices Recommendations: Crops (15th Ed.)},
  publisher = {Kerala Agricultural University},
  address = {Thrissur},
  year = {2016},
  pages = {392}
}

@article{laird2010,
  author = {Laird, D.A. and Fleming, P. and Davis, D.D. and Horton, R. and Wang, B.Q. and Karlen, D.L.},
  title = {Impact of biochar amendments on the quality of a typical midwestern agricultural soil},
  journal = {Geoderma},
  year = {2010},
  volume = {158},
  pages = {443--449}
}

@article{mankasingh2011,
  author = {Mankasingh, U. and Choi, P.C. and Ragnarsdottir, V.},
  title = {Biochar application in a tropical, agricultural region: A plot scale study in Tamil Nadu, India},
  journal = {Applied Geochemistry},
  year = {2011},
  volume = {26},
  number = {8},
  pages = {1594--1597}
}

@phdthesis{nagula2017,
  author = {Nagula, S.},
  title = {Technology refinement for biochar production and evaluation of its effects on soil health and crop productivity},
  school = {Kerala Agricultural University, Thrissur},
  year = {2017},
  note = {Ph.D. (Ag) thesis, 155p}
}

@article{nigussie2012,
  author = {Nigussie, A. and Kissi, E. and Misganaw, M. and Ambaw, G.},
  title = {Effect of biochar application on soil properties and nutrient uptake of lettuces (Lactuca sativa) grown in chromium polluted soils},
  journal = {American-Eurasian Journal of Agricultural and Environmental Sciences},
  year = {2012},
  volume = {12},
  number = {3},
  pages = {369--376}
}

@article{novak2009,
  author = {Novak, J.M. and Busscher, W.J. and Laird, D.L. and Ahmedna, M. and Watts, D.W. and Niandou, M.A.},
  title = {Impact of biochar amendment on fertility of a southeastern coastal plain soil},
  journal = {Soil Science},
  year = {2009},
  volume = {174},
  number = {2},
  pages = {105--112}
}

@mastersthesis{punnoose2015thesis,
  author = {Punnoose, A.},
  title = {Production, Characterisation and quality assessment of biochar},
  school = {Kerala Agricultural University, Thrissur},
  year = {2015},
  note = {M.Sc. (Ag) thesis, 88p}
}

@article{punnoose2015article,
  author = {Punnoose, A. and Anitha, S.},
  title = {Production and characterisation of biochar from different organic materials},
  journal = {Journal of Tropical Agriculture},
  year = {2015},
  volume = {53},
  number = {2},
  pages = {191--196}
}

@article{salvacion2020,
  author = {Salvacion, S.O. and Pangga, G.V.},
  title = {Response of lowland rice grown in mine-contaminated soil with coconut husk and cattle manure biochars},
  journal = {Rice-Based Biosystems Journal},
  year = {2020},
  volume = {7},
  pages = {1--12}
}

@article{singh2014,
  author = {Singh, R.P. and Kaskaoutis, D.G.},
  title = {Crop residue burning: a threat to South Asian air quality},
  journal = {EOS Transactions},
  year = {2014},
  volume = {95},
  number = {37},
  pages = {333--340}
}

@article{sombroek1993,
  author = {Sombroek, W.G. and Nachtergaele, F.O. and Hebel, A.},
  title = {Amounts, dynamics and sequestering of carbon in tropical and subtropical soils},
  journal = {Journal of Human Environment Research and Management},
  year = {1993},
  volume = {22},
  number = {7},
  pages = {417--426}
}  

@article{subbiah1956,
  author = {Subbiah, B.V. and Asija, G.I.},
  title = {A rapid procedure for estimation of available nitrogen in soil},
  journal = {Current Science},
  year = {1956},
  volume = {25},
  pages = {258--260}
}

@article{vikram2024,
  author = {Vikram, K. and Jayapal, A. and Pillai, S.P. and Isaac, S.R. and Mini, V.},
  title = {Characterization of biochar produced from different agro-wastes},
  journal = {Journal of Crop and Weed},
  year = {2024},
  volume = {20},
  number = {1},
  pages = {12--20}
}

@article{wang2019,
  author = {Wang, D. and Li, C. and Parikh, S.J. and Scow, K.M.},
  title = {Impact of biochar on water retention of two agricultural soils â€“ a multiscale analysis},
  journal = {Geoderma},
  year = {2019},
  volume = {340},
  pages = {185--191}
}

@article{walkley1934,
  author = {Walkley, A. and Black, T.A.},
  title = {An examination of Degtjareff method for determining soil organic matter and proposed modification of the chromic acid titration method},
  journal = {Soil Science},
  year = {1934},
  volume = {37},
  pages = {29--38}
}

@article{zhang2012,
  author = {Zhang, A. and Bian, R. and Pan, G. and Cui, L. and Hussain, Q. and Li, L. and Zheng, J. and Zheng, J. and Zhang, X. and Han, X. and Yu, X.},
  title = {Effects of biochar amendment on soil quality, crop yield and greenhouse gas emission in a Chinese rice paddy: a field study of two consecutive rice growing cycles},
  journal = {Field Crops Research},
  year = {2012},
  volume = {127},
  pages = {153--160}
}

@article{zhang2016,
  author = {Zhang, H. and Chen, C. and Gray, E.M. and Boyd, S.E. and Yang, H. and Zhang, D.},
  title = {Roles of biochar in improving phosphorus availability in soils: A phosphate adsorbent and a source of available phosphorus},
  journal = {Geoderma},
  year = {2016},
  volume = {276},
  pages = {1--6}
}  

@article{mohammed2025raisins,
  title     = {RAISINS: Integrating R and AI for Agricultural Data Analysis},
  author    = {Mohammed, H. M. and Chandran, J. and Gopinath, P. P.},
  journal   = {Journal of Sustainable Technology in Agriculture},
  volume    = {1},
  number    = {1},
  year      = {2025},
  publisher = {PAPAYA Academic Press},
  doi       = {10.5281/zenodo.15622128}
}  

@book{black1965,
  author    = {Black, C. A.},
  title     = {Methods of Soil Analysis. Part I},
  year      = {1965},
  publisher = {American Society of Agronomy},
  address   = {Madison, Wisconsin, USA},
  pages     = {1572}
}

@book{hesse1971,
  author    = {Hesse, P. R.},
  title     = {A Textbook of Soil Chemical Analysis},
  year      = {1971},
  publisher = {William Clowes and Sons},
  address   = {London},
  pages     = {153}
}

@article{lindsay1978,
  author  = {Lindsay, W. L. and Norvell, W. A.},
  title   = {Development of DTPA micronutrients soil test for zinc, iron, manganese and copper},
  journal = {Soil Science Society of America Journal},
  year    = {1978},
  volume  = {42},
  pages   = {421--428}
}


  
