# References

@book{montgomery2017design,
  title={Design and Analysis of Experiments},
  author={Montgomery, Douglas C.},
  edition={9},
  year={2017},
  publisher={John Wiley \& Sons}
}

@book{gomez1984statistical,
  title={Statistical Procedures for Agricultural Research},
  author={Gomez, Kwanchai A and Gomez, Arturo A},
  edition={2},
  year={1984},
  publisher={John Wiley \& Sons}
}

@book{falconer1996introduction,
  title={Introduction to Quantitative Genetics},
  author={Falconer, Douglas S and Mackay, Trudy FC},
  edition={4},
  year={1996},
  publisher={Longman}
}

@book{lynch1998genetics,
  title={Genetics and Analysis of Quantitative Traits},
  author={Lynch, Michael and Walsh, Bruce},
  year={1998},
  publisher={Sinauer Associates}
}

@book{voss2010research,
  title={Research Design and Statistical Analysis in Social Science},
  author={Voss, Angela D.},
  year={2010},
  publisher={Agricultural Research Press}
}

@book{babbie2020practice,
  title={The Practice of Social Research},
  author={Babbie, Earl R},
  edition={15},
  year={2020},
  publisher={Cengage Learning}
}

@book{bryman2016social,
  title={Social Research Methods},
  author={Bryman, Alan},
  edition={5},
  year={2016},
  publisher={Oxford University Press}
}

@book{casella2002statistical,
  title={Statistical Inference},
  author={Casella, George and Berger, Roger L},
  edition={2},
  year={2002},
  publisher={Cengage Learning}
}

@book{hogg2018introduction,
  title={Introduction to Mathematical Statistics},
  author={Hogg, Robert V and McKean, Joseph and Craig, Allen T},
  edition={8},
  year={2018},
  publisher={Pearson}
}

@book{tufte2001visual,
  title={The Visual Display of Quantitative Information},
  author={Tufte, Edward R},
  year={2001},
  publisher={Graphics Press}
}

@book{cleveland1993visualizing,
  title={Visualizing Data},
  author={Cleveland, William S},
  year={1993},
  publisher={Hobart Press}
}  

@Manual{shiny,
  title = {shiny: Web Application Framework for R},
  author = {Winston Chang and Joe Cheng and JJ Allaire and Yihui Xie and Jonathan McPherson},
  year = {2024},
  note = {R package version 1.8.0},
  url = {https://CRAN.R-project.org/package=shiny}
}

@Manual{dplyr,
  title = {dplyr: A Grammar of Data Manipulation},
  author = {Hadley Wickham and Romain Francois and Lionel Henry and Kirill Müller},
  year = {2024},
  note = {R package version 1.1.4},
  url = {https://CRAN.R-project.org/package=dplyr}
}

@Manual{ggplot2,
  title = {ggplot2: Create Elegant Data Visualisations Using the Grammar of Graphics},
  author = {Hadley Wickham},
  year = {2023},
  note = {R package version 3.4.4},
  url = {https://CRAN.R-project.org/package=ggplot2}
}

@Manual{agricolae,
  title = {agricolae: Statistical Procedures for Agricultural Research},
  author = {Felipe de Mendiburu},
  year = {2020},
  note = {R package version 1.3-5},
  url = {https://CRAN.R-project.org/package=agricolae}
}

@Manual{broom,
  title = {broom: Convert Statistical Analysis Objects into Tidy Tibbles},
  author = {David Robinson and Alex Hayes},
  year = {2024},
  note = {R package version 1.0.5},
  url = {https://CRAN.R-project.org/package=broom}
}

@Manual{plotly,
  title = {plotly: Create Interactive Web Graphics via 'plotly.js'},
  author = {Carson Sievert},
  year = {2023},
  note = {R package version 4.10.4},
  url = {https://CRAN.R-project.org/package=plotly}
}

@Manual{FactoMineR,
  title = {FactoMineR: Multivariate Exploratory Data Analysis and Data Mining},
  author = {François Husson and Julie Josse and Sébastien Lê and Jeremy Mazet},
  year = {2020},
  note = {R package version 2.4},
  url = {https://CRAN.R-project.org/package=FactoMineR}
}

@Manual{pandas,
  title = {pandas: Powerful Python data analysis toolkit},
  author = {{The pandas development team}},
  year = {2024},
  url = {https://pandas.pydata.org/}
}

@Manual{numpy,
  title = {NumPy: Fundamental Package for Scientific Computing with Python},
  author = {Charles R. Harris and K. Jarrod Millman and Stéfan van der Walt and Ralf Gommers and Pauli Virtanen and David Cournapeau and Eric Wieser and Julian Taylor and Sebastian Berg and Nathaniel J. Smith and others},
  year = {2020},
  journal = {Nature},
  volume = {585},
  pages = {357–362},
  doi = {10.1038/s41586-020-2649-2}
}

@Manual{scikit-learn,
  title = {Scikit-learn: Machine Learning in Python},
  author = {Fabian Pedregosa and Gaël Varoquaux and Alexandre Gramfort and Vincent Michel and Bertrand Thirion and Olivier Grisel and Mathieu Blondel and Peter Prettenhofer and Ron Weiss and Vincent Dubourg and others},
  journal = {Journal of Machine Learning Research},
  year = {2011},
  volume = {12},
  pages = {2825--2830},
  url = {https://scikit-learn.org/}
}

@Manual{statsmodels,
  title = {statsmodels: Statistical Modeling and Econometrics in Python},
  author = {Skipper Seabold and Josef Perktold},
  year = {2010},
  note = {Proceedings of the 9th Python in Science Conference},
  url = {https://www.statsmodels.org/}
}

@Manual{openai,
  title = {openai: OpenAI Python Client Library},
  author = {{OpenAI}},
  year = {2024},
  url = {https://github.com/openai/openai-python}
}  

@book{das2018design,
  title={Design and Analysis of Experiments},
  author={Das, M.N. and Giri, N.C.},
  year={2018},
  edition={2nd},
  publisher={New Age International Publishers},
  address={New Delhi, India}
}

@book{dey1986theory,
  title={Theory of Block Designs},
  author={Dey, A.},
  year={1986},
  publisher={Wiley Eastern Ltd},
  address={New Delhi, India}
}

@book{agresti2013categorical,
  title={Categorical Data Analysis},
  author={Agresti, A.},
  year={2013},
  edition={3rd},
  publisher={Wiley},
  address={Hoboken, NJ, USA}
}

@book{few2009now,
  title={Now You See It: Simple Visualization Techniques for Quantitative Analysis},
  author={Few, S.},
  year={2009},
  publisher={Analytics Press},
  address={Berkeley, CA, USA}
}  

@Manual{reticulate,
  title        = {reticulate: Interface to 'Python'},
  author       = {JJ Allaire and Kevin Ushey and Yuan Tang and Dirk Eddelbuettel and RStudio},
  year         = {2024},
  note         = {R package version 1.35},
  url          = {https://rstudio.github.io/reticulate/}
}

@book{searle1997linear,
  title={Linear Models},
  author={Searle, Shayle R.},
  year={1997},
  publisher={John Wiley \& Sons}
}

@book{bhattacherjee2012social,
  title={Social Science Research: Principles, Methods, and Practices},
  author={Bhattacherjee, Anol},
  edition={2},
  year={2012},
  publisher={Global Text Project},
  pages={143}
}

@book{cox2000theory,
  title={The Theory of the Design of Experiments},
  author={Cox, D. R. and Reid, Nancy},
  edition={1},
  year={2000},
  publisher={Chapman \& Hall/CRC},
  series={Monographs on Statistics and Applied Probability, 86},
  pages={336}
}

@book{toutenburg2009statistical,
  title={Statistical Analysis of Designed Experiments},
  author={Toutenburg, Helge and Shalabh},
  edition={3},
  year={2009},
  publisher={Springer‑Verlag New York},
  series={Springer Texts in Statistics},
  pages={615}
}

@book{rao2009linear,
  title={Linear Statistical Inference and its Applications},
  author={Rao, C. Radhakrishna},
  edition={2},
  year={2009},
  publisher={John Wiley \& Sons (Wiley-Interscience)},
  pages={656}
}

@book{dabholkar1999elements,
  title={Elements of Bio Metrical Genetics},
  author={Dabholkar, A. R.},
  edition={Revised and Enlarged},
  year={1999},
  publisher={Concept Publishing Company Pvt. Ltd.},
  pages={493}
}

@book{gillespie2004population,
  title={Population Genetics: A Concise Guide},
  author={Gillespie, John H.},
  edition={2},
  year={2004},
  publisher={Johns Hopkins University Press},
  pages={232},
  address={Baltimore, MD}
}

@book{cochran1957experimental,
  title={Experimental Designs},
  author={Cochran, William G. and Cox, Gertrude M.},
  edition={2},
  year={1957},
  publisher={John Wiley \& Sons},
  pages={611},
  address={New York}
}

@book{federer1985experimental,
  title={Experimental Designs},
  author={Federer, W.T.},
  edition={?},
  year={1985},
  publisher={The Macmillan Company},
  pages={544},
  address={New York}
}

@book{rohatgi1984statistical,
  title={Statistical Inference},
  author={Rohatgi, Vijay K.},
  year={1984},
  publisher={John Wiley \& Sons},
  series={Wiley Series in Probability and Mathematical Statistics},
  pages={940},
  address={New York}
}


