@article{ahmad2020genetic,
  author    = {Ahmad, R. and Malik, T. A. and Minhas, R. and Ashraf, M. and Ahmad, S.},
  title     = {Genetic diversity and trait association analysis in sesame (Sesamum indicum L.) genotypes},
  journal   = {Genetic Resources and Crop Evolution},
  volume    = {67},
  number    = {6},
  pages     = {1513--1526},
  year      = {2020}
}

@book{allard1960principles,
  author    = {Allard, R. W.},
  title     = {Principles of plant breeding},
  publisher = {John Wiley \& Sons},
  year      = {1960}
}

@article{anilakumar2010nutritional,
  author    = {Anilakumar, K. R. and Pal, A. and Khanum, F. and Bawa, A. S.},
  title     = {Nutritional, medicinal and industrial uses of sesame (Sesamum indicum L.) seeds - An overview},
  journal   = {Agriculturae Conspectus Scientificus},
  volume    = {75},
  number    = {4},
  pages     = {159--168},
  year      = {2010}
}

@incollection{ashri2007sesame,
  author    = {Ashri, A.},
  title     = {Sesame breeding objectives and approaches},
  booktitle = {Oil crops},
  pages     = {267--289},
  publisher = {Springer},
  year      = {2007}
}

@article{bedigian2015systematics,
  author    = {Bedigian, D.},
  title     = {Systematics and evolution in Sesamum L. (Pedaliaceae), part 1: Evidence regarding the origin of sesame and its closest relatives},
  journal   = {WebMed Central Plus},
  year      = {2015}
}

@inproceedings{burton1952quantitative,
  author    = {Burton, G. W.},
  title     = {Quantitative inheritance in grasses},
  booktitle = {Proceedings of the 6th International Grassland Congress},
  volume    = {1},
  pages     = {277--283},
  year      = {1952}
}

@article{dalibalta2020health,
  author    = {Dalibalta, S. and Majdalawieh, A. and Manjikian, H.},
  title     = {Health benefits of sesame oil: A narrative review},
  journal   = {Journal of Applied Pharmaceutical Science},
  volume    = {10},
  number    = {1},
  pages     = {131--138},
  year      = {2020}
}

@article{dossa2017transcriptomic,
  author    = {Dossa, K. and Li, D. and Wang, L. and Zheng, X. and Liu, A. and Yu, J. and Wei, X. and Zhou, R. and Zhang, Y. and Cissé, N. and Diouf, D. and Zhang, X.},
  title     = {Transcriptomic, biochemical and physio-anatomical investigations shed more light on responses to drought stress in sesame (Sesamum indicum L.)},
  journal   = {BMC Genomics},
  volume    = {18},
  number    = {1},
  pages     = {930},
  year      = {2017}
}

@article{dossa2019insight,
  author    = {Dossa, K. and Wei, X. and Li, D. and Fonceka, D. and Zhang, Y. and Wang, K. and Yu, J. and Boshou, L. and Diouf, D. and Cissé, N. and Zhang, X.},
  title     = {Insight into the AP2/ERF transcription factor superfamily in sesame and expression profiling of DREB subfamily under drought stress},
  journal   = {BMC Plant Biology},
  volume    = {19},
  pages     = {86},
  year      = {2019}
}

@misc{fao2020faostat,
  author    = {{FAO}},
  title     = {FAOSTAT database},
  year      = {2020},
  howpublished = {\url{http://www.fao.org/faostat/en/}},
  note      = {Food and Agriculture Organization of the United Nations}
}

@article{gangwar2021genetic,
  author    = {Gangwar, C. and Ghodke, M. K. and Shaikh, I. M. and Bangar, N. D. and Bharud, R. W.},
  title     = {Genetic variability, heritability, genetic advance and correlation studies in sesame (Sesamum indicum L.)},
  journal   = {Journal of Pharmacognosy and Phytochemistry},
  volume    = {10},
  number    = {1},
  pages     = {1936--1941},
  year      = {2021}
}

@article{gouveia2014effects,
  author    = {Gouveia, L. A. V. and Cardoso, C. A. and de Oliveira, G. M. M. and Rosa, G. and Moreira, A. S. B.},
  title     = {Effects of the intake of sesame seeds (Sesamum indicum L.) and derivatives on oxidative stress: A systematic review},
  journal   = {Journal of Medicinal Food},
  volume    = {17},
  number    = {4},
  pages     = {401--414},
  year      = {2014}
}

@article{kamaleldin2011sesame,
  author    = {Kamal-Eldin, A. and Moazzami, A. and Washi, S.},
  title     = {Sesame seed lignans: Potent physiological modulators and possible ingredients in functional foods \& nutraceuticals},
  journal   = {Recent Patents on Food, Nutrition \& Agriculture},
  volume    = {3},
  number    = {1},
  pages     = {17--29},
  year      = {2011}
}

@article{kumar2016genetic,
  author    = {Kumar, H. and Garg, R.},
  title     = {Genetic diversity analysis of sesame (Sesamum indicum L.) germplasm using RAPD markers},
  journal   = {Indian Journal of Biotechnology},
  volume    = {15},
  number    = {2},
  pages     = {204--209},
  year      = {2016}
}  

@article{kumar2019genetic,
  author  = {Kumar, R. and Pandey, A. and Surrendran, S. and Nadgauda, R. S.},
  title   = {Genetic variability and character association for yield and quality traits in sesame (Sesamum indicum L.)},
  journal = {Electronic Journal of Plant Breeding},
  volume  = {10},
  number  = {4},
  pages   = {1692--1699},
  year    = {2019}
}

@article{namiki2007nutraceutical,
  author  = {Namiki, M.},
  title   = {Nutraceutical functions of sesame: A review},
  journal = {Critical Reviews in Food Science and Nutrition},
  volume  = {47},
  number  = {7},
  pages   = {651--673},
  year    = {2007}
}

@article{pandey2015morphological,
  author  = {Pandey, S. K. and Das, A. and Rai, P. and Dasgupta, T.},
  title   = {Morphological and genetic diversity assessment of sesame (Sesamum indicum L.) accessions differing in origin},
  journal = {Physiology and Molecular Biology of Plants},
  volume  = {21},
  number  = {4},
  pages   = {519--529},
  year    = {2015}
}

@article{pathak2014value,
  author  = {Pathak, N. and Rai, A. K. and Kumari, R. and Bhat, K. V.},
  title   = {Value addition in sesame: A perspective on bioactive components for enhancing utility and profitability},
  journal = {Pharmacognosy Reviews},
  volume  = {8},
  number  = {16},
  pages   = {147--155},
  year    = {2014}
}

@article{sankar2006pilot,
  author  = {Sankar, D. and Rao, M. R. and Sambandam, G. and Pugalendi, K. V.},
  title   = {A pilot study of open label sesame oil in hypertensive diabetics},
  journal = {Journal of Nutritional Biochemistry},
  volume  = {17},
  number  = {4},
  pages   = {279--283},
  year    = {2006}
}

@book{singh2006biometrical,
  author    = {Singh, A. and Chaudhary, B. R.},
  title     = {Biometrical methods in quantitative genetic analysis},
  publisher = {Kalyani Publishers},
  year      = {2006}
}

@article{singh2020genetic,
  author  = {Singh, S. and Kumar, A. and Chand, G. and Prasad, L. and Kumar, P.},
  title   = {Genetic diversity analysis of sesame (Sesamum indicum L.) genotypes using morphological and molecular markers},
  journal = {Journal of Applied and Natural Science},
  volume  = {12},
  number  = {4},
  pages   = {600--607},
  year    = {2020}
}

@article{uzun2008variation,
  author  = {Uzun, B. and Yol, E. and Furat, S.},
  title   = {Variation in fatty acid compositions, oil content and oil yield in a germplasm collection of sesame (Sesamum indicum L.)},
  journal = {Journal of the American Oil Chemists' Society},
  volume  = {85},
  number  = {12},
  pages   = {1135--1142},
  year    = {2008}
}

@article{wang2016genome,
  author  = {Wang, L. and Yu, S. and Tong, C. and Zhao, Y. and Liu, Y. and Song, C. and Zhang, Y. and Zhang, X. and Wang, Y. and Hua, W. and Li, D. and Li, D. and Li, F. and Yu, J. and Xu, C. and Han, X. and Huang, S. and Tai, S. and Wang, J. and Xu, X. and Li, Y. and Liu, S. and Varshney, R. K. and Wang, J. and Zhang, X.},
  title   = {Genome sequencing of the high oil crop sesame provides insight into oil biosynthesis},
  journal = {Genome Biology},
  volume  = {17},
  pages   = {144},
  year    = {2016}
}

@article{wei2015genetic,
  author  = {Wei, X. and Liu, K. and Zhang, Y. and Feng, Q. and Wang, L. and Zhao, Y. and Li, D. and Zhao, Q. and Zhu, X. and Zhu, X. and Li, J. and Song, C. and Qiu, L. and Zhou, L. and Zhang, Y. and Xu, J. and Yu, J. and Wei, L. and Han, B. and Jiang, H. and Wang, J. and Qian, Q. and Zhang, X.},
  title   = {Genetic discovery for oil production and quality in sesame},
  journal = {Nature Communications},
  volume  = {6},
  pages   = {8609},
  year    = {2015}
}

@article{wei2016identification,
  author  = {Wei, X. and Zhu, X. and Yu, J. and Wang, L. and Zhang, Y. and Li, D. and Zhou, R. and Zhang, X.},
  title   = {Identification of sesame genomic variations from genome comparison of landrace and variety},
  journal = {Frontiers in Plant Science},
  volume  = {7},
  pages   = {1169},
  year    = {2016}
}

@article{yahaya2021genetic,
  author  = {Yahaya, M. A. and Shimelis, H. and Laing, M. and Mathew, I. and Shayanowako, A.},
  title   = {Genetic diversity and population structure of sesame (Sesamum indicum L.) genotypes using DArT-seq markers},
  journal = {PLoS ONE},
  volume  = {16},
  number  = {2},
  pages   = {e0245306},
  year    = {2021}
}

@article{yu2019pmdbase,
  author  = {Yu, J. and Dossa, K. and Wang, L. and Zhang, Y. and Wei, X. and Liao, B. and Zhang, X.},
  title   = {PMDBase: A database for studying microRNA targeting and function in plants},
  journal = {Nucleic Acids Research},
  volume  = {47},
  number  = {D1},
  pages   = {D1027--D1034},
  year    = {2019}
}

@article{zhang2013genetic,
  author  = {Zhang, Y. X. and Zhang, X. R. and Che, Z. and Wang, L. H. and Wei, W. L. and Li, D. H.},
  title   = {Genetic diversity assessment of sesame core collection in China by phenotype and molecular markers and extraction of a mini-core collection},
  journal = {BMC Genetics},
  volume  = {14},
  pages   = {102},
  year    = {2013}
}

@mastersthesis{angadi1976,
  author       = {Angadi, S. P.},
  title        = {Correlation studies and D\textsuperscript{2} analysis in cowpea (Vigna sinensis L. Savi)},
  school       = {Tamil Nadu Agricultural University},
  year         = {1976},
  type         = {M.Sc.(Ag.) thesis},
  address      = {Coimbatore},
  pages        = {112}
}

@article{murthy1996,
  author       = {Murthy, N. and Kulkarni, R. S.},
  title        = {Heterosis in relation to combining ability in rice},
  journal      = {Oryza},
  year         = {1996},
  volume       = {33},
  pages        = {153--156}
}

@article{raut1991,
  author       = {Raut, S. K. and Khorgade, P. W. and Bolke, M. N. and Ingle, R. W.},
  title        = {Studies in genetic variability in sesame},
  journal      = {Agricultural Science Digest},
  year         = {1991},
  volume       = {11},
  number       = {2},
  pages        = {75--76}
}

@article{kumar2022genetic,
  author    = {Kumar, V. and Sinha, S. and Satyendra Sinha, S. and Singh, R. S. and Singh, S. N.},
  year      = {2022},
  title     = {Assessment of genetic variability, correlation and path analysis in sesame (*Sesamum indicum* L.)},
  journal   = {Electronic Journal of Plant Breeding},
  volume    = {13},
  number    = {1},
  pages     = {208--215}
}

@article{patel2023genetic,
  author    = {Patel, N. B. and Acharya, R. R. and Macwana, S. M. and Halladakeri, P. and Parihar, A. and Parmar, D. J.},
  year      = {2023},
  title     = {Genetic variability, correlation and path analysis for seed yield and yield contributing traits in sesame (*Sesamum indicum* L.) germplasm},
  journal   = {The Pharma Innovation Journal},
  volume    = {12},
  number    = {2},
  pages     = {3781--3786}
}



