@article{benchasri2012evaluation,
  author    = {Benchasri, S. and Bairaman, B. and Nualsri, C.},
  title     = {Evaluation of yard long bean and cowpea for resistance to Aphis craccivora Koch in southern part of Thailand},
  journal   = {Journal of Animal and Plant Sciences},
  year      = {2012},
  volume    = {22},
  pages     = {1024--1029}
}

@article{edematie2021inheritance,
  author    = {Edematie, V.E. and Fatokun, C. and Boukar, O. and Adetimirin, V.O. and Kumar, P.L.},
  title     = {Inheritance of Pod Length and Other Yield Components in Two Cowpea and Yard-Long Bean Crosses},
  journal   = {Agronomy},
  year      = {2021},
  volume    = {11},
  number    = {4},
  pages     = {682},
  doi       = {10.3390/agronomy11040682}
}

@article{hayman1958separation,
  author    = {Hayman, B.},
  title     = {The separation of epistatic from additive and dominance variation in generation means},
  journal   = {Heredity},
  year      = {1958},
  volume    = {12},
  pages     = {371--390},
  doi       = {10.1038/hdy.1958.36}
}

@article{jain2022generation,
  author    = {Jain, M. and Singh, D.P. and Goyal, M.},
  title     = {Generation mean analysis for quality traits in fodder cowpea [Vigna unguiculata (L.) Walp]},
  journal   = {Forage Research},
  year      = {2022},
  volume    = {48},
  number    = {1},
  pages     = {46--49}
}

@article{kudiabor2023gene,
  author    = {Kudiabor, R.B. and Eleblu, J.S.Y. and Hodasi, B. and Danquah, E.Y.},
  title     = {Gene Action Controlling Seed Size in Cowpea (Vigna unguiculata L. Walp)},
  journal   = {Science and Development},
  year      = {2023},
  volume    = {7},
  number    = {1}
}

@book{mather1949biometrical,
  author    = {Mather, K.},
  title     = {Biometrical Genetics},
  publisher = {Dover Publications Inc.},
  address   = {New York},
  year      = {1949},
  pages     = {158}
}

@article{owusu2022generation,
  author    = {Owusu, E.Y. and Kusi, F. and Kena, A.W. and Akromah, R. and Awuku, F.J. and Attamah, P. and Mensah, G.},
  title     = {Generation mean analysis of the key earliness related traits in cowpea (Vigna unguiculata (L.) Walp)},
  journal   = {Scientific African},
  year      = {2022},
  volume    = {17},
  pages     = {e01289},
  doi       = {10.1016/j.sciaf.2022.e01289}
}

@article{pallavi2019generation,
  author    = {Pallavi and Singh, A. and Chaudhary, S.},
  title     = {Generation Mean Analysis using Six Parameters Genetic Model for Quantitative Traits in Cowpea [(Vigna unguiculata (L.) Walp.)]},
  journal   = {International Journal of Current Microbiology and Applied Sciences},
  year      = {2019},
  volume    = {8},
  number    = {02},
  pages     = {1967--1973},
  doi       = {10.20546/ijcmas.2019.802.230}
}

@article{peyrano2016physicochemical,
  author    = {Peyrano, F. and Speroni, F. and Avanza, M.V.},
  title     = {Physicochemical and functional properties of cowpea protein isolates treated with temperature or high hydrostatic pressure},
  journal   = {Innovative Food Science \& Emerging Technologies},
  year      = {2016},
  volume    = {33},
  pages     = {38--46}
}

@article{rashwan2010estimation,
  author    = {Rashwan, A.M.A.},
  title     = {Estimation of some genetic parameters using six population of two cowpea hybrids},
  journal   = {Asian Journal of Crop Science},
  year      = {2010},
  volume    = {2},
  number    = {4},
  pages     = {261--267}
}

@article{santos2024genetic,
  author    = {Santos, S.P. and Araújo, M.S. and Aragão, W.F.L. and Silva, K.J.D. and Rocha, M.M.},
  title     = {Genetic analysis of yield component traits in cowpea [Vigna unguiculata (L.) Walp.]},
  journal   = {Crop Breeding and Applied Biotechnology},
  year      = {2024},
  volume    = {24},
  number    = {1},
  doi       = {10.1590/1984-70332024v24n1a03}
}

@article{shinde2021generation,
  author    = {Shinde, R.J. and Toprope, V.N. and Sargar, P.R. and Dhakne, V.R. and Chavan, S.S.},
  title     = {Generation Mean Analysis Studies in Cowpea (Vigna unguiculata L. Walp)},
  journal   = {International Journal of Theoretical \& Applied Sciences},
  year      = {2021},
  volume    = {13},
  number    = {2},
  pages     = {22--25}
}

@article{thakare2016genetic,
  author    = {Thakare, D.S. and Bhailume, M.S. and Rokade, R.C. and Pulate, S.C. and Chimote, V.P.},
  title     = {Genetic Analysis of Various Yield Components in Cowpea},
  journal   = {International Journal of Tropical Agriculture},
  year      = {2016},
  volume    = {34},
  number    = {6}
}   

@article{akombo2021,
  author    = {Akombo, R.A. and Adeyemo, M.O. and Odo, P.E. and Vange, T.},
  title     = {Generation mean analysis for harvest and leaf-yield indices in Cowpea},
  journal   = {Greener Journal of Plant Breeding and Crop Science},
  volume    = {9},
  number    = {1},
  pages     = {8--18},
  year      = {2021}
}  

@article{patel2013,
  author    = {Patel, H. and Patel, J.B. and Sharma, S.C. and Acharya, S.},
  title     = {Genetics of seed yield and its components in cowpea [Vigna unguiculata (L.) Walp.]},
  journal   = {Trends in Biosciences},
  volume    = {6},
  pages     = {631--636},
  year      = {2013}
}  

@article{mohammed2025raisins,
  title     = {RAISINS: Integrating R and AI for Agricultural Data Analysis},
  author    = {Hisham M, M. and Chandran, J. and Gopinath, P. P.},
  journal   = {Journal of Sustainable Technology in Agriculture},
  volume    = {1},
  number    = {1},
  year      = {2025},
  publisher = {PAPAYA Academic Press},
  doi       = {10.5281/zenodo.15622128}
}
