@article{ait_sidhoum2016,
  author = {Ait Sidhoum, A. and Serra, T.},
  title = {Volatility spillovers in the Spanish food marketing chain: the case of tomato},
  journal = {Agribusiness},
  year = {2016},
  volume = {32},
  number = {1},
  pages = {45--63}
}

@article{arumugam2020,
  author = {Arumugam, D.U. and Kanagavalli, D.G. and Manida, M.},
  title = {COVID-19: Impact of agriculture in India},
  journal = {Aegaeum Journal},
  year = {2020},
  volume = {8},
  number = {5},
  pages = {480--488}
}

@article{budiman2021,
  author = {Budiman, M.E.A. and Yuhbaba, Z.N. and Silvanasari, I. A.},
  title = {Mental health of farmers during the COVID-19 pandemic in Bondowoso district},
  journal = {Jurnal Penelitian Kesehatan},
  year = {2021},
  volume = {12},
  pages = {94--97}
}

@article{cook2011,
  author = {Cook, R.L.},
  title = {Fundamental forces affecting US fresh produce growers and marketers},
  journal = {Choices},
  year = {2011},
  volume = {26},
  number = {4},
  url = {https://www.choicesmagazine.org/choices-magazine/submitted-articles/fundamental-forces-affecting-us-fresh-produce-growers-and-marketers},
  note = {[Accessed 20 Dec 2022]}
}

@article{cariappa2021,
  author = {Cariappa, A.A. and Acharya, K.K. and Adhav, C.A. and Sendhil, R. and Ramasundaram, P.},
  title = {Impact of COVID-19 on the Indian agricultural system: A 10-point strategy for post-pandemic recovery},
  journal = {Outlook on Agriculture},
  year = {2021},
  volume = {50},
  number = {1},
  pages = {26--33}
}

@article{devi2015,
  author = {Devi, I.B. and Srikala, M. and Ananda, T.},
  title = {Price volatility in major chilli markets of India},
  journal = {Indian Journal of Economics and Development},
  year = {2015},
  volume = {3},
  number = {3},
  pages = {194--198}
}

@misc{fao2020a,
  author = {{FAO}},
  title = {FAO Director-General urges G20 to ensure that food value chains are not disrupted during COVID-19 pandemic},
  year = {2020},
  url = {http://www.fao.org/news/story/en/item/1268254/icode/},
  note = {[Accessed 15 July 2022]}
}

@misc{fao2021,
  author = {{FAO}},
  title = {Agricultural trade and policy responses during the first wave of COVID-19 pandemic in 2020},
  year = {2021},
  url = {http://www.fao.org/3/cb4553en/cb4553en.pdf},
  note = {[Accessed 20 July 2021]}
}

@article{gilbert2010,
  author = {Gilbert, C.L. and Morgan, C.W.},
  title = {Food price volatility},
  journal = {Philosophical Transactions of the Royal Society B: Biological Sciences},
  year = {2010},
  volume = {365},
  number = {1554},
  pages = {3023--3034}
}

@misc{gok2020a,
  author = {{Government of Kerala}},
  title = {Agricultural Statistics 2018-19},
  year = {2020},
  url = {http://www.ecostat.kerala.gov.in/images/pdf/publications/Agriculture/data/2018-19/agriculture_statistics_2018_19.pdf},
  note = {[Accessed 17 June 2021]}
}

@misc{gok2020b,
  author = {{Government of Kerala}},
  title = {Kerala Farm-Fresh Pazham Pachakkari base price},
  year = {2020},
  url = {https://keralaagriculture.gov.in/en/2021/09/13/base-price-scheme/},
  note = {[Accessed 18 June 2021]}
}

@misc{gok2020c,
  author = {{Government of Kerala}},
  title = {Quick Assessment of the Impact of the COVID-19 Pandemic and Lockdown on Keralaâ€™s economy},
  year = {2020},
  url = {https://spb.kerala.gov.in/sites/default/files/2020-09/cov19_qck_asmt_fnl_eng.pdf},
  note = {[Accessed 23 July 2021]}
}

@book{gujarati2009,
  author = {Gujarati, D. N. and Porter, D. C. and Gunasekhar, S.},
  title = {Basic Econometrics},
  year = {2009},
  publisher = {Tata McGraw-Hill Education Private Limited},
  address = {New Delhi},
  pages = {846}
}


@misc{herrera2008,
  author = {Herrera, P. and Espinel, R.},
  title = {Price volatility and efficiency of Ecuador's agricultural rural markets},
  year = {2008},
  note = {[Accessed 21 September 2021]},
  url = {https://scholar.google.com/scholar?cluster=16437759094522538090}
}

@misc{hossain2020,
  author = {Hossain, M.M. and Purohit, N. and Sharma, R. and Bhattacharya, S. and McKyer, E.L.J. and Ma, P.},
  title = {Suicide of a farmer amid COVID-19 in India: Perspectives on social determinants of suicidal behavior and prevention strategies},
  year = {2020},
  note = {SocArXiv. [Accessed 15 June 2022]},
  doi = {https://doi.org/10.31235/osf.io/ekam3}
}

@article{jribi2020,
  author = {Jribi, S. and Ben Ismail, H. and Doggui, D. and Debbabi, H.},
  title = {COVID-19 virus outbreak lockdown: What impacts on household food wastage?},
  journal = {Environment, Development and Sustainability},
  year = {2020},
  volume = {22},
  number = {5},
  pages = {3939--3955}
}

@misc{joy2013,
  author = {Joy, P.P.},
  title = {Pineapple sector in Kerala: Status, opportunities, challenges and stakeholders},
  year = {2013},
  note = {Pineapple Research Station, Kerala Agricultural University. [Accessed 21 July 2021]},
  url = {http://www.kau.in/sites/default/files/documents/production_technology_for_vazhakulam_pineapple_mauritius.pdf}
}


@article{kaur2021,
  author = {Kaur, G.},
  title = {Empirical study of price volatility of staple foodgrains commodities during COVID 19 in India by GARCH Model using CPI},
  journal = {Global Journal of Enterprise Information System},
  year = {2021},
  volume = {13},
  number = {1},
  pages = {9--18}
}

@book{kissell2013,
  author = {Kissell, R.},
  title = {The Science of Algorithmic Trading and Portfolio Management},
  year = {2013},
  publisher = {Academic Press},
  address = {USA},
  pages = {472}
}

@misc{kumar2020,
  author = {Kumar, S.V.},
  title = {Losses due to COVID crisis claim life of a pineapple farmer in Kerala},
  year = {2020},
  note = {The Hindu, 24 Aug.2020, p.10}
}

@article{lestari2022,
  author = {Lestari, P.E. and Prajanti, W.D.S. and Wibawanto, W. and Adzim, F.},
  title = {ARCH-GARCH Analysis: An Approach to Determine The Price Volatility of Red Chilli},
  journal = {Journal of Agribusiness and Rural Development Research},
  year = {2022},
  volume = {8},
  number = {1},
  pages = {90--105}
}

@article{pandya2021,
  author = {Pandya, N. and Veluguri, D. and Roy, A. and Prabhakaran, P. and Jaacks, L.},
  title = {Economic impact of the 2020 COVID-19 lockdown on Indian farmers},
  journal = {Economic and Political Weekly},
  year = {2021},
  volume = {56},
  number = {50},
  pages = {31--34}
}

@misc{pga2018,
  author = {{Pineapple Growers Association}},
  title = {PGA home page},
  year = {2018},
  note = {[Accessed 16 July 2021]},
  url = {https://vazhakulampineapple.in/}
}

@incollection{prakash2011,
  author = {Prakash, A.},
  title = {Why volatility matters},
  booktitle = {Safeguarding Food Security in Volatile Global Markets},
  editor = {Prakash, A.},
  publisher = {FAO},
  year = {2011},
  pages = {1--24},
  address = {Rome}
}

@article{saadat2020,
  author  = {Saadat, S. and Rawtani, D. and Hussain, C.M.},
  title   = {Environmental perspective of COVID-19},
  journal = {Science of the Total Environment},
  year    = {2020},
  volume  = {728},
  pages   = {138870},
  doi    = {https://doi.org/10.1016/j.scitotenv.2020.138870}
}

@article{sabu2019,
  author = {Sabu, S.S. and Kuruvila, A. and Manojkumar, K.},
  title = {Price behaviour of black pepper in Indian and International markets: a comparative analysis},
  journal = {Journal of Spices and Aromatic Crops},
  year = {2019},
  volume = {28},
  number = {1},
  pages = {27--33}
}

@article{sekhar2004,
  author = {Sekhar, C.S.C.},
  title = {Agricultural price volatility in international and Indian markets},
  journal = {Economic and Political Weekly},
  year = {2004},
  volume = {39},
  number = {43},
  pages = {4729--4736}
}

@misc{singh2020,
  author = {Singh, B.},
  title = {Liquidity Shocks and Overnight Interest Rates in Emerging Markets: Evidence from GARCH Models for India},
  year = {2020},
  note = {Working Paper Series No. 06, Department of Economic and Policy Research, Reserve Bank of India. [Accessed 13 August 2022]},
  url = {https://www.rbi.org.in/Scripts/PublicationsView.aspx?id=19444}
}

@incollection{tothova2011,
  author = {Tothova, M.},
  title = {Main Challenges of Price Volatility in Agricultural Commodity Markets},
  booktitle = {Methods to Analyse Agricultural Commodity Price Volatility},
  editor = {Piot-Lepetit, I. and M'Barek, R.},
  publisher = {Springer},
  address = {New York, NY},
  year = {2011},
  doi = {https://doi.org/10.1007/978-1-4419-7634-5_2}
}

@article{yu2020,
  author = {Yu, X. and Liu, C. and Wang, H. and Feil, J.H.},
  title = {The impact of COVID-19 on food prices in China: evidence of four major food products from Beijing, Shandong and Hubei Provinces},
  journal = {China Agricultural Economic Review},
  year = {2020},
  volume = {12},
  number = {3},
  pages = {445--458}
}

@article{zahraturrahmi2021,
  author = {Zahraturrahmi, Z. and Demircan, V. and Moraru, R.A. and Bodescu, D.},
  title = {Analysis of the effect of the COVID-19 pandemic on the prices of basic food sold in traditional markets: The case of Jakarta Province, Indonesia},
  journal = {Horticultural Studies},
  year = {2021},
  volume = {38},
  number = {2},
  pages = {116--124}
}  

@article{bollerslev1986,
  author  = {Bollerslev, Tim},
  title   = {Generalized Autoregressive Conditional Heteroskedasticity},
  journal = {Journal of Econometrics},
  year    = {1986},
  volume  = {31},
  number  = {3},
  pages   = {307--327},
  doi     = {https://doi.org/10.1016/0304-4076(86)90063-1}
}  
@manual{rcoreteam2023,
  title        = {R: A Language and Environment for Statistical Computing},
  author       = {{R Core Team}},
  organization = {R Foundation for Statistical Computing},
  address      = {Vienna, Austria},
  year         = {2023},
  url          = {https://www.R-project.org/}
}  

@mastersthesis{sabu2015,
  author = {Sabu, S.S.},
  title = {Price Volatility of Black Pepper and Its Implications in Kerala},
  school = {Kerala Agricultural University},
  address = {Thrissur},
  year = {2015},
  pages = {168}
}  

@article{devi_price_2015,
  author = {Devi, I.B. and Srikala, M. and Ananda, T.},
  title = {Price volatility in major chilli markets of India},
  journal = {Indian Journal of Economics and Development},
  volume = {3},
  number = {3},
  pages = {194--198},
  year = {2015}
}  

@article{engle1982,
  author  = {Engle, Robert F.},
  title   = {Autoregressive Conditional Heteroscedasticity with Estimates of the Variance of United Kingdom Inflation},
  journal = {Econometrica},
  year    = {1982},
  volume  = {50},
  number  = {4},
  pages   = {987--1007},
  doi     = {10.2307/1912773}
}
